@article{salton1988term,
  title={Term-weighting approaches in automatic text retrieval},
  author={Salton, Gerard and Buckley, Christopher},
  journal={Information processing \& management},
  volume={24},
  number={5},
  pages={513--523},
  year={1988},
  publisher={Elsevier}
}
@article{robertson1995okapi,
  title={Okapi at TREC-3},
  author={Robertson, Stephen E and Walker, Steve and Jones, Susan and Hancock-Beaulieu, Micheline M and Gatford, Mike and others},
  journal={Nist Special Publication Sp},
  volume={109},
  pages={109},
  year={1995},
  publisher={NATIONAL INSTIUTE OF STANDARDS \& TECHNOLOGY}
}'
'
@techreport{yu1975precision,
  title={Precision weighting-an effective automatic indexing method},
  author={Yu, Clement T and Salton, Gerard},
  year={1975},
  institution={Cornell University}
}

@inproceedings{bialecki2012apache,
  title={Apache Lucene 4},
  author={Bia{\l}ecki, Andrzej and Muir, Robert and Ingersoll, Grant and Imagination, Lucid},
  booktitle={SIGIR 2012 wWrkshop on Open Source Information Retrieval},
  pages={17},
  year={2012}
}

@article{divya2013elasticsearch,
  title={ElasticSearch: An advanced and quick search technique to handle voluminous data},
  author={Divya, Manda Sai and Goyal, Shiv Kumar},
  journal={Compusoft},
  volume={2},
  number={6},
  pages={171},
  year={2013},
  publisher={COMPUSOFT, An International Journal of Advanced Computer Technology}
}

@book{grainger2014solr,
 author = {Grainger, Trey and Potter, Timothy},
 title = {Solr in Action},
 year = {2014},
 isbn = {1617291021, 9781617291029},
 edition = {1st},
 publisher = {Manning Publications Co.},
 address = {Greenwich, CT, USA},
} 

@article{efthimiadis1996query,
  title={Query Expansion.},
  author={Efthimiadis, Efthimis N},
  journal={Annual review of information science and technology (ARIST)},
  volume={31},
  pages={121--87},
  year={1996},
  publisher={ERIC}
}

@inproceedings{lv2010positional,
 author = {Lv, Yuanhua and Zhai, ChengXiang},
 title = {Positional Relevance Model for Pseudo-relevance Feedback},
 booktitle = {Proceedings of the 33rd International ACM SIGIR Conference on Research and Development in Information Retrieval},
 series = {SIGIR '10},
 year = {2010},
 isbn = {978-1-4503-0153-4},
 location = {Geneva, Switzerland},
 pages = {579--586},
 numpages = {8},
 url = {http://doi.acm.org.libproxy.mit.edu/10.1145/1835449.1835546},
 doi = {10.1145/1835449.1835546},
 acmid = {1835546},
 publisher = {ACM},
 address = {New York, NY, USA},
 keywords = {passage-based feedback, positional language model, positional relevance model, proximity, pseudo relevance feedback, query expansion},
} 

@article{djoerd2001statistical,
  title={Statistical Language Models and Information Retrieval: natural language processing really meets retrieval.},
  author={Djoerd Hiemstra and Franciska de Jong},
  institution={University of Twente},
  year={2001},
}

@article{Lovins1968DevelopmentOA,
  title={Development of a stemming algorithm},
  author={Julie Beth Lovins},
  journal={Mech. Translat. \& Comp. Linguistics},
  year={1968},
  volume={11},
  pages={22-31}
}
@article{airio2006word,
  title={Word normalization and decompounding in mono-and bilingual IR},
  author={Airio, Eija},
  journal={Information Retrieval},
  volume={9},
  number={3},
  pages={249--271},
  year={2006},
  publisher={Springer}
}

@article{vajda2005pulling,
  title={Pulling java lucene into python: Pylucene},
  author={Vajda, A},
  journal={Retrieved March},
  volume={23},
  pages={2008},
  year={2005}
}

@article{luhn1958automatic,
  title={The automatic creation of literature abstracts},
  author={Luhn, Hans Peter},
  journal={IBM Journal of research and development},
  volume={2},
  number={2},
  pages={159--165},
  year={1958},
  publisher={IBM}
}

@article{diaz2016query,
  title={Query expansion with locally-trained word embeddings},
  author={Diaz, Fernando and Mitra, Bhaskar and Craswell, Nick},
  journal={arXiv preprint arXiv:1605.07891},
  year={2016}
}

@inproceedings{mikolov2013distributed,
  title={Distributed representations of words and phrases and their compositionality},
  author={Mikolov, Tomas and Sutskever, Ilya and Chen, Kai and Corrado, Greg S and Dean, Jeff},
  booktitle={Advances in neural information processing systems},
  pages={3111--3119},
  year={2013}
}

@inproceedings{rehurek_lrec,
      title = {{Software Framework for Topic Modelling with Large Corpora}},
      author = {Radim {\v R}eh{\r u}{\v r}ek and Petr Sojka},
      booktitle = {{Proceedings of the LREC 2010 Workshop on New
           Challenges for NLP Frameworks}},
      pages = {45--50},
      year = 2010,
      month = May,
      day = 22,
      publisher = {ELRA},
      address = {Valletta, Malta},
      note={\url{http://is.muni.cz/publication/884893/en}},
      language={English}
}

@misc{croftsearch,
  title={Search Engines: Information Retrieval in Practice, 2008},
  author={Croft, Bruce and Metzler, Donald and Strohman, Trevor},
  publisher={Addison Wesley, http://www.search-engines-book.com}
}

@misc{mikolov2015computing,
  title={Computing numeric representations of words in a high-dimensional space},
  author={Mikolov, Tomas and Chen, Kai and Corrado, Gregory S and Dean, Jeffrey A},
  year={2015},
  month=may # "~19",
  publisher={Google Patents},
  note={US Patent 9,037,464}
}